@article{Chang_etal2021,
  title={Mobility network models of COVID-19 explain inequities and inform reopening},
  author={S. Chang and E. Pierson and P. Wei~Koh and J. Gerardin and B. Redbird and D. Grusky and J. Leskovec},
  journal={Nature},
  volume={589},
  pages={7 January 2021},
  year={2021},
  doi = {10.1038/s41586-020-2923-3}
}

@article{Haug_etal2020_repeated,
  title={Ranking the effectiveness of worldwide COVID-19 government interventions},
  author={N. Haug and L. Geyrhofer and A. Londei and E. Dervic and A. Desvars-Larrive and V. Loreto and B. Pinior and S Thurner and P. Klimek},
  journal={Nature Human Behaviour},
  volume={4},
  pages={1303-1312},
  year={2020},
  doi = {10.1038/s41562-020-01009-0}
}

@article{Liu_etal2021_repeated,
  title={The impact of non-pharmaceutical interventions on SARS-CoV-2 transmission across 130 countries and territories},
  author={Y. Liu and C. Morgenstern and J. Kelly abd R. Lowe and "CMMID COVID-19 Working Group" and M. Jit},
  journal={BMC Medicine},
  volume={19},
  pages={40},
  year={2021},
  doi = {10.1186/s12916-020-01872-8}
}

@article{Pierce_etal2020,
  author = {M. Pierce and H. Hope and T. Ford and S. Hatch and M. Hotopf and A. John and E. Kontopantelis and R. Webb and S. Wessely and S. McManus and K. M. Abel},
  title = {Mental health before and during the {COVID-19} pandemic: a longitudinal probability sample survey of the {UK} population},
  journal = {Lancet Psychiatry},
  doi = {10.1016/S2215-0366(20)30308-4},
  volume = 7,
  pages = {883-892},
  year = 2020
}

@misc{sweden:masks,
  key = {BBC},
  title = {Covid-19 pandemic: {S}weden reverses face mask guidelines for public transport},
  howpublished = {\url{www.bbc.com/news/world-europe-55371102}},
  note = {Accessed: 2021-01-20},
  year = 2020
}

@misc{jhopkins,
  key = {Johns~Hopkins~University},
  title = {{COVID-19} dashboard by the {C}enter for {S}ystems {S}cience and {E}ngineering ({CSSE}) at {J}ohns {H}opkins {U}niversity ({JHU})},
  howpublished = {\url{https://coronavirus.jhu.edu/map.html}},
  note = {Accessed: 2021-01-20},
  year = 2020
}

@misc{mzcr,
  key = {Ministry~of~Health~of~the~Czech~Republic},
  title = {{COVID-19}: an overview of the actual situation in the {C}zech {R}epublic (in {C}zech)},
  howpublished = {\url{onemocneni-aktualne.mzcr.cz/covid-19}},
  note = {Accessed: 2021-01-20},
  year = 2020
}

@article{Pei_etal2020,
  author = {S. Pei and S. Kandula and J. Shaman},
  title = {Differential effects of intervention timing on {COVID-19} spread in the {U}nited {S}tates},
  journal = {Science Advances},
  doi = {10.1126/sciadv.abd6370},
  volume = 6,
  pages = {eabd6370},
  year = 2020
}

@article{Eikenberry_etal2020,
  author = {S. E. Eikenberry and M. Mancuso and E. Iboi and T. Phan and K. Eikenberry and Y. Kuang and E. Kostelich and A. B. Gumel},
  title = {To mask or not to mask: modeling the potential for face mask use by the general public to curtail the {COVID-19} pandemic},
  journal = {Infectious Disease Modelling}, 
  doi = {10.1016/j.idm.2020.04.001},
  volume = {5},
  pages = {293-308},
  year = 2020
}

@article{Stutt_etal2020,
  author = {R. O. J. H. Stutt and R. Retkute and M. Bradley and C. A. Gilligan and J. Colvin},
  title = {A modelling framework to assess the likely effectiveness of facemasks in combination with ‘lock-down’ in managing the {COVID-19} pandemic},
  journal = {Proceedings of the Royal Society A}, 
  doi = {10.1098/rspa.2020.0376},
  volume = {476},
  pages = {20200376},
  year = 2020
}

@article{Kretzschmar_etal2020,
  author = {M. E. Kretzschmar and G. Rozhnova and M. C. J. Bootsma and M. van Boven and J. H. H. M. van de~Wijgert and M. J. M. Bonten},
  title = {Impact of delays on effectiveness of contact tracing strategies for {COVID-19}: a modelling study},
  journal = {Lancet Public Health}, 
  doi = {10.1016/S2468-2667(20)30157-2},
  volume = {5},
  pages = {E452-E459},
  year = 2020
}

@article{KrendlPerry2020,
  author = {A. C. Krendl and B. L. Perry},
  title = {The impact of sheltering in place during the {COVID-19} pandemic on older adults’ social and mental well-being},
  journal = {Journal of Gerontology: Series B}, 
  doi = {10.1093/geronb/gbaa110},
  year = 2020
}

@article{Flaxman_etal2020_repeated,
  author = {S. Flaxman and S. Mishra and A. Gandy and H. J. T. Unwin and T. A. Mellan and H. Coupland and C. Whittaker and H. Zhu and T. Berah and J. W. Eaton and M. Monod and ``Imperial College COVID-19 Response Team'' and A. C. Ghani and C. A. Donnelly and S. Riley and M. A. C. Vollmer and N. M. Ferguson and L. C. Okell and S. Bhatt},
  title = {Estimating the effects of non-pharmaceutical interventions on {COVID-19} in Europe},
  journal = {Nature}, 
  doi = {10.1038/s41586-020-2405-7},
  volume = {584},
  pages = {257-261},
  year = 2020
}

@article{Komenda_etal2020,
  author = {M. Komenda and V. Bulhart and M. Karolyi and J. Jarkovský and J. Mužík and O. Májek and L. Šnajdrová and P. Růžičková and J. Rážová and R. Prymula and B. Macková and P. Březovský and J. Marounek and V. Černý and L. Dušek},
  title = {Complex Reporting of the {COVID}-19 Epidemic in the {C}zech {R}epublic: use of an interactive web-based app in practice},
  journal="Journal of Medical Internet Research",
  year="2020",
  volume="22",
  pages="e19367",
  doi="10.2196/19367"
}

@article{Toni_etal2009_repeated,
  author = {T. Toni and D. Welch and N. Strelkowa and A. Ipsen and M. P. H. Stumpf},
  title = {Approximate {B}ayesian computation scheme for parameter inference and model selection in dynamical systems},
  journal = {Journal of The Royal Society Interface},
  volume = 6,
  pages = "187-202",
  doi = {10.1098/rsif.2008.0172},
  year = 2009
}

@article{Noh_etal2020,
author = {J. Y. Noh and J. G. Yoon and H. Seong and W. S. Choi and J. W. Sohn and H. J. Cheong and W. J. Kim and J. Y. Song},
title = {Asymptomatic infection and atypical manifestations of {COVID}-19: comparison of viral shedding duration},
journal = {Journal of Infection},
volume=81,
pages={816-846},
doi = {10.1016/j.jinf.2020.05.035},
year = 2020
}

@article{Wei_etal2020,
author = {W. E. Wei and Z. Li and C. J. Chiew and S. E. Yong and M. P. Toh and V. J. Lee},
title = {Presymptomatic transmission of {SARS-CoV-2} -- {S}ingapore, {J}anuary 23-{M}arch 16, 2020},
journal = {Morbidity and Mortality Weekly Report},
doi = {10.15585/mmwr.mm6914e1},
volume = 69,
pages = {411-415},
year = 2020
}

% cinnebted izt fir dzokucuty
article{Brauner_etal2020,
author = {J. M. Brauner and S. Mindermann and M. Sharma and D. Johnston and J. Salvatier and T. Gavenčiak and A. B. Stephenson and G. Leech and G. Altman and V. Mikulik and A. J. Norman and J. Teperowski Monrad and T. Besiroglu and H. Ge and M. A. Hartwick and Y. Whye Teh and L. Chindelevitch and Y. Gal and J. Kulveit},
title = {Inferring the effectiveness of government interventions against {COVID}-19},
journal = {Science},
doi = {10.1126/science.abd9338},
year = 2020
}

@article{Supan_etal2013,
author = {A. B\"orsch-Supan and M. Brandt and C. Hunkler and T. Kneip and J. Korbmacher and F. Malter and B. Schaan and S. Stuck and S. Zuber},
title = {Data resource profile: the survey of health, ageing and retirement in {E}urope ({SHARE})},
journal = {International Journal of Epidemiology},
doi = {10.1093/ije/dyt088},
volume=4,
pages={992-1001},
year = 2013
}

% commented out for duplicity
article{Chen_etal2020,
author = {Y. Chen and A. H. Wang and B. Yi and K. Q. Ding and H. B. Wang and J. M. Wang and H. B. Shi and S. J. Wang and G. Z. Xu},
title = {Epidemiological characteristics of infection in {COVID}-19 close contacts in {N}ingbo city},
journal = {Chinese Journal of Epidemiology},
volume = 41,
pages={667-671},
year = 2020,
doi={10.3760/cma.j.cn112338-20200304-00251}
}

@article{Davies_etal2020_repeated,
author = {N. G. Davies and P. Klepac and Y. Liu and K. Prem and M. Jit and "CMMID COVID-19 working group" and R. M. Eggo},
title = {Age-dependent effects in the transmission and control of {COVID}-19 epidemics},
journal = {Nature Medicine}, 
volume=26,
pages={1205-1211},
doi = {10.1038/s41591-020-0962-9},
year = 2020
}

@article{Iwata_etal2020,
	author = {K. Iwata and A. Doi and C. Miyakoshi},
	title = {Was school closure effective in mitigating coronavirus disease 2019 ({COVID}-19)? {T}ime series analysis using {B}ayesian inference},
	journal = {International Journal of Infectious Diseases},
	volume = 99,
	pages = {57–61}, 
	doi = {10.1016/j.ijid.2020.07.052},
	year = 2020
}

@article{He_etal2020,
	author = {W. He and G. Y. Yi and Y. Zhu},
	title = {Estimation of the basic reproduction number, average incubation time, asymptomatic infection rate, and case fatality rate for {COVID}‐19: Meta‐analysis and sensitivity analysis},
	journal = {Journal of Medical Virology}, 
	volume=92,
	pages={2543-2550},
	doi = {10.1002/jmv.26041},
	year = 2020
}

@article{Dehning_etal2020,
	author = {J. Dehning and J. Zierenberg and F. P, Spitzner and M. Wibral and J. P. Neto and M. Wilczek and V. Priesemann},
	title = {Inferring change points in the spread of {COVID}-19 reveals the effectiveness of interventions},
	journal = {Science}, 
	doi = {10.1126/science.abb9789},
	year = 2020
}

@article{Viner_etal2020,
	author = {R. M. Viner and S. J. Russell and H. Croker and J. Packer and J. Ward and C. Stansfield and O. Mytton and C. Bonell and R. Booy},
	title = {School closure and management practices during coronavirus outbreaks including {COVID}-19: a rapid systematic review},
	journal = {Lancet Child \& Adolescent Health},
	volume = 4,
    pages = {397-404}, 
	doi = {10.1016/S2352-4642(20)30095-X},
	year = 2020
}

@article{KermackMcKendick1927,
    author = {W. O. Kermack and A. G. McKendick},
    title = {A Contribution to the mathematical theory of epidemics},
    journal = {Proceedings of the Royal Society of London, Series A},
    volume = "115",
    pages = "700-721",
    year = "1927"
}

@online{chinadivorce,
    author = "Sheridan Prasso",
    title = "China’s divorce spike is a warning to rest of locked-down world",
    url  = "https://www.bloomberg.com/news/articles/2020-03-31/divorces-spike-in-china-after-coronavirus-quarantines",
    addendum = "(accessed: 25.06.2020)",
    year = 2020
}

@online{coviddata,
    author = "Johns Hopkins University",
    title = "Johns Hopkins University {COVID}-19 cumulative data repository",
    url  = "https://github.com/CSSEGISandData/COVID-19/tree/master/csse_covid_19_data/csse_covid_19_time_series",
    addendum = "(accessed: 25.06.2020)",
    year = 2020
}

@article{Colizza_etal2007,
	author = {V. Colizza and A. Barrat and M. Barthelemy, A.-J. Valleron and A. Vespignani},
	title = {Modeling the worldwide spread of pandemic influenza: baseline case and containment interventions},
	journal = {PLoS Medicine}, 
	doi = {10.1371/journal.pmed.0040013},
	volume = {4},
	pages = {e13},
	year = 2007
}

@article{Li_etal2020_repeated,
	author = {R. Li and S. Pei and B. Chen and Y. Song and T. Zhang and W. Yang and J. Shaman},
	title = {Substantial undocumented infection facilitates the rapid dissemination of novel coronavirus ({SARS-CoV-2})},
	year = {2020},
	journal={Science},
	doi = {10.1126/science.abb3221},
	volume = {368},
	pages = {489-493}
}

@article{DiDomenico_etal2020,
	author = {L. Di~Domenico and G. Pullano and C. E. Sabbatini and P.-Y. B\"olle and V. Colizza},
	title = {Impact of lockdown on {COVID}-19 epidemic in \^{I}le-de-{F}rance and
	possible exit strategies},
	journal={BMC Medicine},
	year = {2020},
	doi = {10.1186/s12916-020-01698-4},
	volume = {18},
	pages = {240}
}

@misc{abcinr,
	author = {K. Csilléry and L. Lemaire and O. François and M. G. Blum},
	title = {abc: tools for {A}pproximate {B}ayesian {C}omputation ({ABC})},
	year = {2015},
	url = {cran.r-project.org/web/packages/abc/index.html}
}

@misc{Ferguson_etal2020,
	author = {N. M. Ferguson and others},
	title = {Impact of non-pharmaceutical interventions ({NPI}s) to reduce {COVID}-19 mortality and healthcare demand},
	year = {2020},
	url = {www.imperial.ac.uk/media/imperial-college/medicine/sph/ide/gida-fellowships/Imperial-College-
	COVID19-NPI-modelling-16-03-2020.pdf}
}

@article{Giordano_etal2020,
	author = {G. Giordano and F. Blanchini and R. Bruno and P. Colaneri and A. Di Filippo and A. Di Matteo and M. Colaneri},
	title = {Modelling the {COVID}-19 epidemic and implementation of population-wide interventions in {I}taly},
	journal = {Nature Medicine}, 
    volume=26,
	pages={855-866},
	doi = {10.1038/s41591-020-0883-7},
	year = 2020
}

@article{Yang_etal2014_repeated,
	author = {W. Yang and A. Karspeck and J. Shaman},
	title = {Comparison of filtering methods for the modeling and retrospective forecasting of influenza epidemics},
	journal = {PLoS Computational Biology}, 
	doi = {10.1371/journal.pcbi.1003583},
	volume = {10},
	pages = {e1003583},
	year = 2014
}

@article{BlumTran2010,
	author = {M. G. Blum and V. C. Tran},
	title = {{HIV} with contact tracing: a case study in approximate {B}ayesian computation},
	journal = {Bioinformatics}, 
	doi = {10.1093/biostatistics/kxq022},
	volume = {11},
	pages = {644-660},
	year = 2010
}

@article{Csillery_etal2010,
	author = {K. Csilléry and M. G. Blum and O. E. Gaggiotti and O.  François},
	title = {Approximate {B}ayesian {C}omputation ({ABC}) in practice},
	journal = {Trends in Ecology and Evolution}, 
	doi = {10.1016/j.tree.2010.04.001},
	volume = {25},
	pages = {410-418},
	year = 2010
}

@article{Beaumont2010,
	author = {M. A. Beaumont},
	title = {Approximate {B}ayesian {C}omputation in evolution and ecology},
	journal = {Annual Review of Ecology, Evolution,
	and Systematics}, 
	doi = {10.1146/annurev-ecolsys-102209-144621},
	volume = {41},
	pages = {379-406},
	year = 2010
}

@article{Prem_etal2017_repeated,
	author = {K. Prem and A. R. Cook and M. Jit},
	title = {Projecting social contact matrices in 152 countries using contact surveys and demographic data},
	journal = {PLoS Computational Biology}, 
	doi = {10.1371/journal.pcbi.1005697},
	volume = {13},
	pages = {e1005697},
	year = 2017
}

@article{Luciani_etal2009,
	author = {F. Luciani and S. A. Sisson and H. Jiang and A. R. Francis and M. M. Tanaka},
	title = {The epidemiological fitness cost of drug resistance in \emph{Mycobacterium tuberculosis}},
	journal = {PNAS}, 
	doi = {10.1073/pnas.0902437106},
	volume = {106},
	pages = {14711-14715},
	year = 2009
}

@article{Verity_etal2020,
	author = {R. Verity and others},
	title = {Estimates of the severity of coronavirus disease 2019:
	a model-based analysis},
	journal = {Lancet Infectious Diseases}, 
	doi = {10.1016/S1473-3099(20)30243-7},
	year = 2020
}

@article{Bubar_etal2021_repeated,
	author = {K. M. Bubar and K. Reinholt and S. M. Kissler and M. Lipsitch and S. Cobey and Y. H. Grad and D. B. Larremore},
	title = {Model-informed {COVID-19} vaccine prioritization strategies by age and serostatus},
	journal = {Science}, 
    doi = {10.1126/science.abe6959},
	year = 2021
}

@article{Kissler_etal2020,
	author = {S. M. Kissler and C. Tedijanto and E. Goldstein and Y. H. Grad and M. Lipsitch},
	title = {Projecting the transmission dynamics of {SARS-CoV-2} through the postpandemic period},
	journal = {Science}, 
    volume=368,
	pages={860-868},
	doi = {10.1126/science.abb5793},
	year = 2020
}

@article{Weissman_etal2020,
	author = {G. E Weissman and A. Crane-Droesch and C. Chivers and T. Luong and A. Hanish and M. Z. Levy and J. Lubken and M. Becker and M. E. Draugelis and G. L. Anesi and P. J. Brennan and J. D. Christie and C. W. Hanson and M. E. Mikkelsen and S. D. Halpern},
	title = {Locally informed simulation to predict hospital capacity needs during the {COVID-19} pandemic},
	journal = {Annals of Internal Medicine}, 
	doi = {10.7326/M20-1260},
	volume = 173,
	pages = {21-28},
	year = 2020
}

